@inproceedings{chen2013combinatorial,
  title={Combinatorial Multi-Armed Bandit: General Framework and Applications},
  author={Chen, Wei and Wang, Yajun and Yuan, Yang},
  booktitle={Proceedings of The 30th International Conference on Machine Learning},
  pages={151--159},
  year={2013}
}
@article{mannor2004sample,
  title={The sample complexity of exploration in the multi-armed bandit problem},
  author={Mannor, Shie and Tsitsiklis, John N},
  journal={The Journal of Machine Learning Research},
  volume={5},
  pages={623--648},
  year={2004},
  publisher={JMLR. org}
}